@BOOK{bookone,
  AUTHOR       = "Peter Gregory",
  TITLE        = "IT Disaster Recovery Planning for Dummies",
  PUBLISHER    = "Wiley Publishing, Inc.",
  YEAR         = "2008"
}

@online{intro,
   author		= {Tech Target},
   title		= {Definition Disaster Recovery (DR)},
   howpublished = {\url {http://www.searchsecurity.de/definition/Disaster-Recovery-DR}},
   note			= {zuletzt besucht: 24.02.2016}
}

@online{intro2,
   author		= {Tech Target},
   title		= {Definition Disaster Recovery Plan (DRP)},
   howpublished = {\url {http://www.searchsecurity.de/definition/Disaster-Recovery-Plan-DRP}},
   note			= {zuletzt besucht: 24.02.2016}
}